@article{Author:year:XYZ,
 author = {Name1, Firstname 1 and Name2, Firstname2},
 title = {A dummy title},
 journal = {A Fake Journal},
 issue_date = {June YYYY},
 volume = {1},
 number = {1},
 month = jun,
 year = {YYYY},
 issn = {0000-0000},
 pages = {000--000},
 numpages = {10},
} 


@book{rosbook15,
	author = {Morgan Quigley and Brian Gerkey and William D. Smart},
	 title     = {Programming Robots with ROS},
  	publisher = {O'Reilly Media, Inc.},
  	year      = 2015,
  	month     = dec,
	isbn      = {978-1-4493-2389-9}
}

@misc{ROS_history,
  title = {{ROS} History},
  howpublished = {\url{http://www.ros.org/history/}},
  note = {Accessed: 2016-02-28}
}

@misc{ROS_install,
  title = {{ROS} Installation},
  howpublished = {\url{http://wiki.ros.org/indigo/Installation/Ubuntu}},
  note = {Accessed: 2016-02-29}
}

@misc{ROS_space},
  title = {{ROS} On the ISS},
  howpublished = {\url{http://www.ros.org/news/2014/09/ros-running-on-iss.html}},
  note = {Accessed: 2016-04-10}
}

@misc{Reboot_Ubuntu,
  title = {Reboot Ubuntu},
  howpublished = {\url{http://askubuntu.com/questions/4408/what-should-i-do-when-ubuntu-freezes/36717#36717}},
  note = {Accessed: 2016-03-14}
}

@misc{Kintinous,
  title = {Kintinous},
  howpublished = {\url{https://github.com/mp3guy/Kintinuous}},
  note = {Accessed: 2016-03-21}
}

@misc{ROS_industrial,
  title = {ROS-Industrial},
  howpublished = {\url{http://rosindustrial.org/the-challenge/}},
  note = {Accessed: 2016-04-05}
}

@misc{ifr_statistics,
  title = {International Federation of Robotics - Statistics},
  howpublished = {\url{http://www.ifr.org/industrial-robots/statistics/}},
  note = {Accessed: 2016-04-05}
}

@misc{DRC,
  title = {DARPA Robotics Challenge},
  howpublished = {\url{http://www.theroboticschallenge.org/overview}},
  note = {Accessed: 2016-04-05}
}

@book{book,
  author    = {Peter Babington}, 
  title     = {The title of the work},
  publisher = {The name of the publisher},
  year      = 1993,
  volume    = 4,
  series    = 10,
  address   = {The address},
  edition   = 3,
  month     = 7,
  note      = {An optional note},
  isbn      = {3257227892}
}

@book{kinect_book,
  author    = {Jarrett Webb and James Ashley}, 
  title     = {Beginning Kinect Programming with the Microsoft Kinect SDK},
  publisher = {Apress},
  year      = 2012,
  isbn      = {978-1-4302-4105-1}
}

@INPROCEEDINGS{RTAB_map,
author={M. Labb√© and F. Michaud},
booktitle={Intelligent Robots and Systems (IROS 2014), 2014 IEEE/RSJ International Conference on},
title={Online global loop closure detection for large-scale multi-session graph-based SLAM},
year={2014},
pages={2661-2666},
keywords={SLAM (robots);graph theory;laser ranging;mobile robots;position control;robot vision;Kinect;indoor mapping sessions;initial positioning;kidnapped robot problem;large-scale multisession graph-based SLAM;laser rangefinder;memory management approach;multisession mapping;online global loop closure detection;online processing requirements;simultaneous localization and mapping;Lasers;Memory management;Optimization;Simultaneous localization and mapping;Three-dimensional displays;Visualization},
doi={10.1109/IROS.2014.6942926},
month={Sept},}

@incollection{ElReedy20121,
title = "Chapter 1 - Introduction to Offshore Structures ",
editor = "El-Reedy, Mohamed A. ",
booktitle = "Offshore Structures ",
publisher = "Gulf Professional Publishing",
edition = "",
address = "Boston",
year = "2012",
pages = "1 - 21",
isbn = "978-0-12-385475-9",
doi = "http://dx.doi.org/10.1016/B978-0-12-385475-9.00001-8",
url = "http://www.sciencedirect.com/science/article/pii/B9780123854759000018",
author = "Mohamed A. El-Reedy"
}
@incollection{ElReedy201223,
title = "Chapter 2 - Offshore Structure Loads and Strength ",
editor = "El-Reedy, Mohamed A. ",
booktitle = "Offshore Structures ",
publisher = "Gulf Professional Publishing",
edition = "",
address = "Boston",
year = "2012",
pages = "23 - 91",
isbn = "978-0-12-385475-9",
doi = "http://dx.doi.org/10.1016/B978-0-12-385475-9.00002-X",
url = "http://www.sciencedirect.com/science/article/pii/B978012385475900002X",
author = "Mohamed A. El-Reedy"
}
@incollection{ElReedy201293,
title = "Chapter 3 - Offshore Structure Platform Design ",
editor = "El-Reedy, Mohamed A. ",
booktitle = "Offshore Structures ",
publisher = "Gulf Professional Publishing",
edition = "",
address = "Boston",
year = "2012",
pages = "93 - 211",
isbn = "978-0-12-385475-9",
doi = "http://dx.doi.org/10.1016/B978-0-12-385475-9.00003-1",
url = "http://www.sciencedirect.com/science/article/pii/B9780123854759000031",
author = "Mohamed A. El-Reedy"
}
@incollection{ElReedy2012213,
title = "Chapter 4 - Geotechnical Data and Pile Design ",
editor = "El-Reedy, Mohamed A. ",
booktitle = "Offshore Structures ",
publisher = "Gulf Professional Publishing",
edition = "",
address = "Boston",
year = "2012",
pages = "213 - 292",
isbn = "978-0-12-385475-9",
doi = "http://dx.doi.org/10.1016/B978-0-12-385475-9.00004-3",
url = "http://www.sciencedirect.com/science/article/pii/B9780123854759000043",
author = "Mohamed A. El-Reedy"
}
@incollection{ElReedy2012293,
title = "Chapter 5 - Fabrication and Installation ",
editor = "El-Reedy, Mohamed A. ",
booktitle = "Offshore Structures ",
publisher = "Gulf Professional Publishing",
edition = "",
address = "Boston",
year = "2012",
pages = "293 - 381",
isbn = "978-0-12-385475-9",
doi = "http://dx.doi.org/10.1016/B978-0-12-385475-9.00005-5",
url = "http://www.sciencedirect.com/science/article/pii/B9780123854759000055",
author = "Mohamed A. El-Reedy"
}
@incollection{ElReedy2012383,
title = "Chapter 6 - Corrosion Protection ",
editor = "El-Reedy, Mohamed A. ",
booktitle = "Offshore Structures ",
publisher = "Gulf Professional Publishing",
edition = "",
address = "Boston",
year = "2012",
pages = "383 - 443",
isbn = "978-0-12-385475-9",
doi = "http://dx.doi.org/10.1016/B978-0-12-385475-9.00006-7",
url = "http://www.sciencedirect.com/science/article/pii/B9780123854759000067",
author = "Mohamed A. El-Reedy"
}
@incollection{ElReedy2012445,
title = "Chapter 7 - Assessment of Existing Structures and Repairs ",
editor = "El-Reedy, Mohamed A. ",
booktitle = "Offshore Structures ",
publisher = "Gulf Professional Publishing",
edition = "",
address = "Boston",
year = "2012",
pages = "445 - 561",
isbn = "978-0-12-385475-9",
doi = "http://dx.doi.org/10.1016/B978-0-12-385475-9.00007-9",
url = "http://www.sciencedirect.com/science/article/pii/B9780123854759000079",
author = "Mohamed A. El-Reedy"
}
@incollection{ElReedy2012563,
title = "Chapter 8 - Risk-Based Inspection Technique ",
editor = "El-Reedy, Mohamed A. ",
booktitle = "Offshore Structures ",
publisher = "Gulf Professional Publishing",
edition = "",
address = "Boston",
year = "2012",
pages = "563 - 634",
isbn = "978-0-12-385475-9",
doi = "http://dx.doi.org/10.1016/B978-0-12-385475-9.00008-0",
url = "http://www.sciencedirect.com/science/article/pii/B9780123854759000080",
author = "Mohamed A. El-Reedy"
}
@incollection{tagkey2012635,
title = "Index ",
editor = "El-Reedy, Mohamed A. ",
booktitle = "Offshore Structures ",
publisher = "Gulf Professional Publishing",
edition = "",
address = "Boston",
year = "2012",
pages = "635 - 649",
isbn = "978-0-12-385475-9",
doi = "http://dx.doi.org/10.1016/B978-0-12-385475-9.00030-4",
url = "http://www.sciencedirect.com/science/article/pii/B9780123854759000304",
key = "tagkey2012635"
}


@INCOLLECTION{FSR2014_gas_leak,
author = {Samuel Soldan, Jochen Welle, Thomas Barz, Andreas Kroll, Dirk Schulz },
year = {2014},
title = {Towards Autonomous Robotic Systems for Remote Gas Leak Detection and Localization in Industrial Environments},
booktitle = {Field and Service Robotics},
publisher = {Springer Berlin Heidelberg},
pages = {233-247},
doi = "10.1007/978-3-642-40686-7",
isbn = "978-3-642-40686-7",
url = "http://link.springer.com/book/10.1007/978-3-642-40686-7/page/1"
}

